%Journal, transaction, magazine article
\bibliographystyle{unsrt}

@ARTICLE{Arikan,
	author={E. Arikan},
	journal={IEEE Transactions on Information Theory},
	title={Channel Polarization: A Method for Constructing Capacity-Achieving Codes for Symmetric Binary-Input Memoryless Channels},
	year={2009},
	volume={55},
	number={7},
	pages={3051-3073},
	keywords={binary codes;channel capacity;channel coding;decoding;memoryless systems;probability;channel polarization;symmetric binary-input memoryless channel;code sequence;channel capacity;probability;channel coding;polar codes;successive cancellation decoding algorithm;Polarization;Memoryless systems;Decoding;Capacity planning;Channel capacity;Channel coding;Noise cancellation;Codes;Councils;Information theory;Capacity-achieving codes;channel capacity;channel polarization;Plotkin construction;polar codes;Reedâ€“ Muller (RM) codes;successive cancellation decoding},
	doi={10.1109/TIT.2009.2021379},
	ISSN={0018-9448},
	month={July},
}

@ARTICLE{SCL,
	author={I. Tal and A. Vardy},
	journal={IEEE Transactions on Information Theory},
	title={List Decoding of Polar Codes},
	year={2015},
	volume={61},
	number={5},
	pages={2213-2226},
	keywords={cyclic redundancy check codes;maximum likelihood decoding;parity check codes;precoding;list decoding;polar codes;successive-cancellation list decoder;decoding path;decoding stage;integer parameter;decoding process;codeword;decoder output;maximum-likelihood decoding;LDPC codes;CRC precoding;specific list-decoding algorithm;information bit;pruning procedure;stark contrast;algorithmic transformations;Maximum likelihood decoding;Arrays;Complexity theory;Parity check codes;Vectors;Bit error rate;List decoding;polar codes;successive cancellation decoding;List decoding;polar codes;successive cancellation decoding},
	doi={10.1109/TIT.2015.2410251},
	ISSN={0018-9448},
	month={May},
}

%Book
@Book{Cover,
	author = 	 {T.~Cover and J.~Thomas},
	title = 	 {Elements of Information Theory},
	publisher = 	 {John Wiley \& Sons},
	year = 	 {1991},
	series = 	 {Wiley series in telecommunications},
	address = 	 {New York}
}

@ARTICLE{DesignOfPolarCodes5G,
	author = {{Bioglio}, V. and {Condo}, C. and {Land}, I.},
	title = "{Design of Polar Codes in 5G New Radio}",
	journal = {ArXiv e-prints},
	archivePrefix = "arXiv",
	eprint = {1804.04389},
	primaryClass = "cs.IT",
	keywords = {Computer Science - Information Theory},
	year = 2018,
	month = apr,
	adsurl = {http://adsabs.harvard.edu/abs/2018arXiv180404389B},
	adsnote = {Provided by the SAO/NASA Astrophysics Data System}
}

@ARTICLE{PolarCodesPrimaryConcepts,
	author={K. Niu and K. Chen and J. Lin and Q. T. Zhang},
	journal={IEEE Communications Magazine},
	title={Polar codes: Primary concepts and practical decoding algorithms},
	year={2014},
	volume={52},
	number={7},
	pages={192-203},
	keywords={channel coding;decoding;error correction codes;parity check codes;turbo codes;polar codes;decoding algorithms;error-correcting codes;discrete memoryless channel;decoding techniques;capacity-approaching coding strategy;channel polarization;polar encoding;SC algorithm;SC decoding technique;SC decoding;CRC codes;LDPC codes;turbo codes;Decoding;Channel coding;Polar codes;Error probability;Channel capacity},
	doi={10.1109/MCOM.2014.6852102},
	ISSN={0163-6804},
	month={July},
}

@ARTICLE{fastSSC,
	author={M. Hanif and M. Ardakani},
	journal={IEEE Communications Letters},
	title={Fast Successive-Cancellation Decoding of Polar Codes: Identification and Decoding of New Nodes},
	year={2017},
	volume={21},
	number={11},
	pages={2360-2363},
	keywords={Maximum likelihood decoding;Systematics;Indexes;Corporate acquisitions;Block codes;Polar codes;maximum a posteriori;maximum likelihood;systematic codes;non-systematic codes},
	doi={10.1109/LCOMM.2017.2740305},
	ISSN={1089-7798},
	month={Nov},
}

@ARTICLE{SSC,
	author={A. Alamdar-Yazdi and F. R. Kschischang},
	journal={IEEE Communications Letters},
	title={A Simplified Successive-Cancellation Decoder for Polar Codes},
	year={2011},
	volume={15},
	number={12},
	pages={1378-1380},
	keywords={channel coding;error statistics;parity check codes;source coding;successive cancellation decoder;polar codes;local decoders;constituent codes;block error rate;bit error rate;Decoding;Complexity theory;Vectors;Echo cancellers;Source coding;Generators;Polar codes;successive-cancellation decoding},
	doi={10.1109/LCOMM.2011.101811.111480},
	ISSN={1089-7798},
	month={December},
}

@ARTICLE{LLCSCLD,
	author={A. Balatsoukas-Stimming and M. B. Parizi and A. Burg},
	journal={IEEE Transactions on Signal Processing},
	title={LLR-Based Successive Cancellation List Decoding of Polar Codes},
	year={2015},
	volume={63},
	number={19},
	pages={5165-5179},
	keywords={concatenated codes;cyclic redundancy check codes;error statistics;statistical analysis;LLR-based successive cancellation list decoding;numerical stability;log-likelihood ratio based formulation;sorting step;metric sorter;CRC-aided successive cancellation list decoder;concatenated polar codes;block-error probability;Decoding;Hardware;Signal processing algorithms;Throughput;Receivers;Sorting;Indexes;CRC-aided successive cancellation list decoder;hardware implementation;polar codes;successive cancellation decoder;successive cancellation list decoder},
	doi={10.1109/TSP.2015.2439211},
	ISSN={1053-587X},
	month={Oct},
}

@ARTICLE{increaseTpPolarDec,
	author={G. Sarkis and W. J. Gross},
	journal={IEEE Communications Letters},
	title={Increasing the Throughput of Polar Decoders},
	year={2013},
	volume={17},
	number={4},
	pages={725-728},
	keywords={decoding;error correction;polar decoder;successive-cancellation decoding algorithm;error-correction performance;Throughput;Maximum likelihood decoding;Vectors;Standards;Complexity theory;Clocks;Polar codes;latency;throughput;simplified successive-cancellation decoding},
	doi={10.1109/LCOMM.2013.021213.121633},
	ISSN={1089-7798},
	month={April},
}

@ARTICLE{multiGbpsSoftwareDec,
	author={B. Le Gal and C. Leroux and C. Jego},
	journal={IEEE Transactions on Signal Processing},
	title={Multi-Gb/s Software Decoding of Polar Codes},
	year={2015},
	volume={63},
	number={2},
	pages={349-359},
	keywords={decoding;optimisation;multiGb/s software decoding;polar codes;successive cancellation decoder;SC decoder;parallel software polar decoder;x86 processor target;processor architectures;memory reduction techniques;algorithmic simplifications;low level optimizations;explicit assembly description;data packing;code length;code rate;selected target;SIMD mode;multithreading mode;energy per decoded bit;software polar decoders;AVX mode;Decoding;Software;Signal processing algorithms;Throughput;Vectors;Optimization;Systematics;Polar codes;SIMD;software optimizations;successive cancellation decoding;x86 processor},
	doi={10.1109/TSP.2014.2371781},
	ISSN={1053-587X},
	month={Jan},
}

@techreport{3gpp.38.212,
	author = {3GPP},
	institution = {{3rd Generation Partnership Project (3GPP)}},
	month = {April},
	note = {Version 15.1.1},
	number = {38.212},
	title = {{Technical Specification Group Radio Access Network; NR; Multiplexing and channel coding}},
	type = {Technical Specification (TS)},
	url = {http://www.3gpp.org/ftp/Specs/archive/38_series/38.212/},
	year = {2018}
}

@article{Sarwate:1988:CCR:63030.63037,
	author = {Sarwate, D. V.},
	title = {Computation of Cyclic Redundancy Checks via Table Look-up},
	journal = {Commun. ACM},
	issue_date = {Aug. 1988},
	volume = {31},
	number = {8},
	month = aug,
	year = {1988},
	issn = {0001-0782},
	pages = {1008--1013},
	numpages = {6},
	url = {http://doi.acm.org/10.1145/63030.63037},
	doi = {10.1145/63030.63037},
	acmid = {63037},
	publisher = {ACM},
	address = {New York, NY, USA},
}

%PhD thesis
@PhdThesis{Sarkis,
	author = 	 {Gabi Sarkis},
	title = 	 {Efficient Encoders and Decoders for Polar Codes: Algorithms and Implementations},
	school = 	 {McGill University},
	year = 	 {2016},
	address = 	 {Montreal, Canada},
	month = 	 April
}

%Technical report
@techreport{AgnerFog,
	author = 	 {Agner Fog},
	title = 	 {Instruction tables: Lists of instruction latencies, throughputs and micro-operation breakdowns for Intel, AMD and VIA CPUs},
	institution =  {Technical University of Denmark},
	year = 	 {2018},
	url = {https://www.agner.org/optimize/}
}

%Internet resources
@Electronic{DeltaFunction,
	author = 	 {E.~Weisstein},
	title = 	 {Delta Function},
	url = {http://mathworld.wolfram.com/DeltaFunction.html}
}

@Electronic{naiveCRCCalculation,
	author = 	 {Wikipedia},
	title = 	 {Cyclic redundancy check},
	url = {https://en.wikipedia.org/wiki/Cyclic_redundancy_check}
}